<record><leader>00000cas a2200000 a 4500</leader><controlfield tag="001">12283727</controlfield><controlfield tag="008">850719c18909999ksuwr ne      0    0eng d</controlfield><datafield ind1=" " ind2=" " tag="010"><subfield code="a">sn 85031707 </subfield></datafield><datafield ind1=" " ind2=" " tag="040"><subfield code="a">KSH</subfield><subfield code="b">eng</subfield><subfield code="c">KSH</subfield><subfield code="d">NPT</subfield><subfield code="d">OCL</subfield><subfield code="d">OCLCQ</subfield></datafield><datafield ind1=" " ind2=" " tag="042"><subfield code="a">msc</subfield></datafield><datafield ind1="0" ind2="4" tag="245"><subfield code="a">The Onaga herald.</subfield></datafield><datafield ind1=" " ind2=" " tag="260"><subfield code="a">Onaga, Kan. :</subfield><subfield code="b">Haughawout &amp; Son</subfield></datafield><datafield ind1=" " ind2=" " tag="300"><subfield code="a">v. :</subfield><subfield code="b">ill. ;</subfield><subfield code="c">65 cm.</subfield></datafield><datafield ind1=" " ind2=" " tag="310"><subfield code="a">Weekly</subfield></datafield><datafield ind1="1" ind2=" " tag="362"><subfield code="a">Began in Apr. 1890.</subfield></datafield><datafield ind1=" " ind2=" " tag="500"><subfield code="a">Publisher varies.</subfield></datafield><datafield ind1=" " ind2=" " tag="500"><subfield code="a">"Republican."</subfield></datafield><datafield ind1=" " ind2=" " tag="525"><subfield code="a">Supplements included with Feb. 23 &amp; 28, 1891 issues called: Wamego razzle-dazzle.</subfield></datafield><datafield ind1=" " ind2=" " tag="588"><subfield code="a">Description based on: Vol. 1, no. 2 (Apr. 10, 1890).</subfield></datafield><datafield ind1=" " ind2=" " tag="752"><subfield code="a">United States</subfield><subfield code="b">Kansas</subfield><subfield code="c">Pottawatomie</subfield><subfield code="d">Onaga.</subfield></datafield><datafield ind1="0" ind2="0" tag="780"><subfield code="t">Onaga democrat</subfield><subfield code="w">(DLC)sn 85031706</subfield></datafield><datafield ind1="0" ind2="5" tag="780"><subfield code="t">Havensville review</subfield><subfield code="g">Dec. 4, 1947</subfield><subfield code="w">(DLC)sn 85031674</subfield></datafield></record>